%YAML 1.1
%TAG !u! tag:unity3d.com,2011:
--- !u!1 &8749340303928196478
GameObject:
  m_ObjectHideFlags: 0
  m_CorrespondingSourceObject: {fileID: 0}
  m_PrefabInstance: {fileID: 0}
  m_PrefabAsset: {fileID: 0}
  serializedVersion: 6
  m_Component:
  - component: {fileID: 8749340303928196464}
  - component: {fileID: 8749340303928196467}
  - component: {fileID: 8749340303928196466}
  - component: {fileID: 8749340303928196477}
  - component: {fileID: 8749340303928196476}
  - component: {fileID: 8749340303928196479}
  - component: {fileID: 8749340303928196470}
  m_Layer: 0
  m_Name: snd_ambience
  m_TagString: Untagged
  m_Icon: {fileID: 0}
  m_NavMeshLayer: 0
  m_StaticEditorFlags: 0
  m_IsActive: 1
--- !u!4 &8749340303928196464
Transform:
  m_ObjectHideFlags: 0
  m_CorrespondingSourceObject: {fileID: 0}
  m_PrefabInstance: {fileID: 0}
  m_PrefabAsset: {fileID: 0}
  m_GameObject: {fileID: 8749340303928196478}
  m_LocalRotation: {x: -0, y: -0, z: -0, w: 1}
  m_LocalPosition: {x: 10.276618, y: 0, z: -0.7021909}
  m_LocalScale: {x: 1, y: 1, z: 1}
  m_Children: []
  m_Father: {fileID: 0}
  m_RootOrder: 0
  m_LocalEulerAnglesHint: {x: 0, y: 0, z: 0}
--- !u!114 &8749340303928196467
MonoBehaviour:
  m_ObjectHideFlags: 0
  m_CorrespondingSourceObject: {fileID: 0}
  m_PrefabInstance: {fileID: 0}
  m_PrefabAsset: {fileID: 0}
  m_GameObject: {fileID: 8749340303928196478}
  m_Enabled: 1
  m_EditorHideFlags: 0
  m_Script: {fileID: 11500000, guid: 8233d90336aea43098adf6dbabd606a2, type: 3}
  m_Name: 
  m_EditorClassIdentifier: 
  m_MeshFormatVersion: 2
  m_Faces:
  - m_Indexes: 000000000100000002000000030000000000000002000000
    m_SmoothingGroup: 0
    m_Uv:
      m_UseWorldSpace: 0
      m_FlipU: 0
      m_FlipV: 0
      m_SwapUV: 0
      m_Fill: 1
      m_Scale: {x: 1, y: 1}
      m_Offset: {x: 0, y: 0}
      m_Rotation: 0
      m_Anchor: 9
    m_Material: {fileID: 2100000, guid: c22777d6e868e4f2fb421913386b154e, type: 2}
    m_SubmeshIndex: 0
    m_ManualUV: 0
    elementGroup: 0
    m_TextureGroup: 1
  - m_Indexes: 040000000500000006000000070000000400000006000000
    m_SmoothingGroup: 0
    m_Uv:
      m_UseWorldSpace: 0
      m_FlipU: 0
      m_FlipV: 0
      m_SwapUV: 0
      m_Fill: 1
      m_Scale: {x: 1, y: 1}
      m_Offset: {x: 0, y: 0}
      m_Rotation: 0
      m_Anchor: 9
    m_Material: {fileID: 2100000, guid: c22777d6e868e4f2fb421913386b154e, type: 2}
    m_SubmeshIndex: 0
    m_ManualUV: 0
    elementGroup: 0
    m_TextureGroup: -1
  - m_Indexes: 0b00000008000000090000000a0000000b00000009000000
    m_SmoothingGroup: 0
    m_Uv:
      m_UseWorldSpace: 0
      m_FlipU: 0
      m_FlipV: 0
      m_SwapUV: 0
      m_Fill: 1
      m_Scale: {x: 1, y: 1}
      m_Offset: {x: 0, y: 0}
      m_Rotation: 0
      m_Anchor: 9
    m_Material: {fileID: 2100000, guid: c22777d6e868e4f2fb421913386b154e, type: 2}
    m_SubmeshIndex: 0
    m_ManualUV: 0
    elementGroup: 0
    m_TextureGroup: -1
  - m_Indexes: 0e0000000f0000000c0000000d0000000e0000000c000000
    m_SmoothingGroup: 0
    m_Uv:
      m_UseWorldSpace: 0
      m_FlipU: 0
      m_FlipV: 0
      m_SwapUV: 0
      m_Fill: 1
      m_Scale: {x: 1, y: 1}
      m_Offset: {x: 0, y: 0}
      m_Rotation: 0
      m_Anchor: 9
    m_Material: {fileID: 2100000, guid: c22777d6e868e4f2fb421913386b154e, type: 2}
    m_SubmeshIndex: 0
    m_ManualUV: 0
    elementGroup: 0
    m_TextureGroup: 1
  - m_Indexes: 100000001100000012000000130000001000000012000000
    m_SmoothingGroup: 0
    m_Uv:
      m_UseWorldSpace: 0
      m_FlipU: 0
      m_FlipV: 0
      m_SwapUV: 0
      m_Fill: 1
      m_Scale: {x: 1, y: 1}
      m_Offset: {x: 0, y: 0}
      m_Rotation: 0
      m_Anchor: 9
    m_Material: {fileID: 2100000, guid: c22777d6e868e4f2fb421913386b154e, type: 2}
    m_SubmeshIndex: 0
    m_ManualUV: 0
    elementGroup: 0
    m_TextureGroup: 2
  - m_Indexes: 140000001500000016000000170000001400000016000000
    m_SmoothingGroup: 0
    m_Uv:
      m_UseWorldSpace: 0
      m_FlipU: 0
      m_FlipV: 0
      m_SwapUV: 0
      m_Fill: 1
      m_Scale: {x: 1, y: 1}
      m_Offset: {x: 0, y: 0}
      m_Rotation: 0
      m_Anchor: 9
    m_Material: {fileID: 2100000, guid: c22777d6e868e4f2fb421913386b154e, type: 2}
    m_SubmeshIndex: 0
    m_ManualUV: 0
    elementGroup: 0
    m_TextureGroup: 2
  - m_Indexes: 1b00000018000000190000001a0000001b00000019000000
    m_SmoothingGroup: 0
    m_Uv:
      m_UseWorldSpace: 0
      m_FlipU: 0
      m_FlipV: 0
      m_SwapUV: 0
      m_Fill: 1
      m_Scale: {x: 1, y: 1}
      m_Offset: {x: 0, y: 0}
      m_Rotation: 0
      m_Anchor: 9
    m_Material: {fileID: 2100000, guid: c22777d6e868e4f2fb421913386b154e, type: 2}
    m_SubmeshIndex: 0
    m_ManualUV: 0
    elementGroup: 0
    m_TextureGroup: 2
  - m_Indexes: 1e0000001f0000001c0000001d0000001e0000001c000000
    m_SmoothingGroup: 0
    m_Uv:
      m_UseWorldSpace: 0
      m_FlipU: 0
      m_FlipV: 0
      m_SwapUV: 0
      m_Fill: 1
      m_Scale: {x: 1, y: 1}
      m_Offset: {x: 0, y: 0}
      m_Rotation: 0
      m_Anchor: 9
    m_Material: {fileID: 2100000, guid: c22777d6e868e4f2fb421913386b154e, type: 2}
    m_SubmeshIndex: 0
    m_ManualUV: 0
    elementGroup: 0
    m_TextureGroup: 2
  - m_Indexes: 230000002100000022000000230000002000000021000000
    m_SmoothingGroup: 0
    m_Uv:
      m_UseWorldSpace: 0
      m_FlipU: 0
      m_FlipV: 0
      m_SwapUV: 0
      m_Fill: 1
      m_Scale: {x: 1, y: 1}
      m_Offset: {x: 0, y: 0}
      m_Rotation: 0
      m_Anchor: 9
    m_Material: {fileID: 2100000, guid: c22777d6e868e4f2fb421913386b154e, type: 2}
    m_SubmeshIndex: 0
    m_ManualUV: 0
    elementGroup: 0
    m_TextureGroup: 3
  - m_Indexes: 270000002500000026000000270000002400000025000000
    m_SmoothingGroup: 0
    m_Uv:
      m_UseWorldSpace: 0
      m_FlipU: 0
      m_FlipV: 0
      m_SwapUV: 0
      m_Fill: 1
      m_Scale: {x: 1, y: 1}
      m_Offset: {x: 0, y: 0}
      m_Rotation: 0
      m_Anchor: 9
    m_Material: {fileID: 2100000, guid: c22777d6e868e4f2fb421913386b154e, type: 2}
    m_SubmeshIndex: 0
    m_ManualUV: 0
    elementGroup: 0
    m_TextureGroup: 3
  - m_Indexes: 2a00000028000000290000002a0000002b00000028000000
    m_SmoothingGroup: 0
    m_Uv:
      m_UseWorldSpace: 0
      m_FlipU: 0
      m_FlipV: 0
      m_SwapUV: 0
      m_Fill: 1
      m_Scale: {x: 1, y: 1}
      m_Offset: {x: 0, y: 0}
      m_Rotation: 0
      m_Anchor: 9
    m_Material: {fileID: 2100000, guid: c22777d6e868e4f2fb421913386b154e, type: 2}
    m_SubmeshIndex: 0
    m_ManualUV: 0
    elementGroup: 0
    m_TextureGroup: 3
  - m_Indexes: 2d0000002f0000002c0000002d0000002e0000002f000000
    m_SmoothingGroup: 0
    m_Uv:
      m_UseWorldSpace: 0
      m_FlipU: 0
      m_FlipV: 0
      m_SwapUV: 0
      m_Fill: 1
      m_Scale: {x: 1, y: 1}
      m_Offset: {x: 0, y: 0}
      m_Rotation: 0
      m_Anchor: 9
    m_Material: {fileID: 2100000, guid: c22777d6e868e4f2fb421913386b154e, type: 2}
    m_SubmeshIndex: 0
    m_ManualUV: 0
    elementGroup: 0
    m_TextureGroup: 3
  - m_Indexes: 330000003100000032000000330000003000000031000000
    m_SmoothingGroup: 0
    m_Uv:
      m_UseWorldSpace: 0
      m_FlipU: 0
      m_FlipV: 0
      m_SwapUV: 0
      m_Fill: 1
      m_Scale: {x: 1, y: 1}
      m_Offset: {x: 0, y: 0}
      m_Rotation: 0
      m_Anchor: 9
    m_Material: {fileID: 2100000, guid: c22777d6e868e4f2fb421913386b154e, type: 2}
    m_SubmeshIndex: 0
    m_ManualUV: 0
    elementGroup: 0
    m_TextureGroup: 4
  - m_Indexes: 370000003500000036000000370000003400000035000000
    m_SmoothingGroup: 0
    m_Uv:
      m_UseWorldSpace: 0
      m_FlipU: 0
      m_FlipV: 0
      m_SwapUV: 0
      m_Fill: 1
      m_Scale: {x: 1, y: 1}
      m_Offset: {x: 0, y: 0}
      m_Rotation: 0
      m_Anchor: 9
    m_Material: {fileID: 2100000, guid: c22777d6e868e4f2fb421913386b154e, type: 2}
    m_SubmeshIndex: 0
    m_ManualUV: 0
    elementGroup: 0
    m_TextureGroup: 4
  - m_Indexes: 3a00000038000000390000003a0000003b00000038000000
    m_SmoothingGroup: 0
    m_Uv:
      m_UseWorldSpace: 0
      m_FlipU: 0
      m_FlipV: 0
      m_SwapUV: 0
      m_Fill: 1
      m_Scale: {x: 1, y: 1}
      m_Offset: {x: 0, y: 0}
      m_Rotation: 0
      m_Anchor: 9
    m_Material: {fileID: 2100000, guid: c22777d6e868e4f2fb421913386b154e, type: 2}
    m_SubmeshIndex: 0
    m_ManualUV: 0
    elementGroup: 0
    m_TextureGroup: 4
  - m_Indexes: 3d0000003f0000003c0000003d0000003e0000003f000000
    m_SmoothingGroup: 0
    m_Uv:
      m_UseWorldSpace: 0
      m_FlipU: 0
      m_FlipV: 0
      m_SwapUV: 0
      m_Fill: 1
      m_Scale: {x: 1, y: 1}
      m_Offset: {x: 0, y: 0}
      m_Rotation: 0
      m_Anchor: 9
    m_Material: {fileID: 2100000, guid: c22777d6e868e4f2fb421913386b154e, type: 2}
    m_SubmeshIndex: 0
    m_ManualUV: 0
    elementGroup: 0
    m_TextureGroup: 4
  - m_Indexes: 420000004300000040000000410000004200000040000000
    m_SmoothingGroup: 0
    m_Uv:
      m_UseWorldSpace: 0
      m_FlipU: 0
      m_FlipV: 0
      m_SwapUV: 0
      m_Fill: 1
      m_Scale: {x: 1, y: 1}
      m_Offset: {x: 0, y: 0}
      m_Rotation: 0
      m_Anchor: 9
    m_Material: {fileID: 2100000, guid: c22777d6e868e4f2fb421913386b154e, type: 2}
    m_SubmeshIndex: 0
    m_ManualUV: 0
    elementGroup: 0
    m_TextureGroup: 5
  - m_Indexes: 460000004700000045000000470000004400000045000000
    m_SmoothingGroup: 0
    m_Uv:
      m_UseWorldSpace: 0
      m_FlipU: 0
      m_FlipV: 0
      m_SwapUV: 0
      m_Fill: 1
      m_Scale: {x: 1, y: 1}
      m_Offset: {x: 0, y: 0}
      m_Rotation: 0
      m_Anchor: 9
    m_Material: {fileID: 2100000, guid: c22777d6e868e4f2fb421913386b154e, type: 2}
    m_SubmeshIndex: 0
    m_ManualUV: 0
    elementGroup: 0
    m_TextureGroup: 5
  - m_Indexes: 490000004a000000480000004a0000004b00000048000000
    m_SmoothingGroup: 0
    m_Uv:
      m_UseWorldSpace: 0
      m_FlipU: 0
      m_FlipV: 0
      m_SwapUV: 0
      m_Fill: 1
      m_Scale: {x: 1, y: 1}
      m_Offset: {x: 0, y: 0}
      m_Rotation: 0
      m_Anchor: 9
    m_Material: {fileID: 2100000, guid: c22777d6e868e4f2fb421913386b154e, type: 2}
    m_SubmeshIndex: 0
    m_ManualUV: 0
    elementGroup: 0
    m_TextureGroup: 5
  - m_Indexes: 4c0000004d0000004e0000004f0000004c0000004e000000
    m_SmoothingGroup: 0
    m_Uv:
      m_UseWorldSpace: 0
      m_FlipU: 0
      m_FlipV: 0
      m_SwapUV: 0
      m_Fill: 1
      m_Scale: {x: 1, y: 1}
      m_Offset: {x: 0, y: 0}
      m_Rotation: 0
      m_Anchor: 9
    m_Material: {fileID: 2100000, guid: c22777d6e868e4f2fb421913386b154e, type: 2}
    m_SubmeshIndex: 0
    m_ManualUV: 0
    elementGroup: 0
    m_TextureGroup: 5
  - m_Indexes: 530000005100000052000000530000005000000051000000
    m_SmoothingGroup: 0
    m_Uv:
      m_UseWorldSpace: 0
      m_FlipU: 0
      m_FlipV: 0
      m_SwapUV: 0
      m_Fill: 1
      m_Scale: {x: 1, y: 1}
      m_Offset: {x: 0, y: 0}
      m_Rotation: 0
      m_Anchor: 9
    m_Material: {fileID: 2100000, guid: c22777d6e868e4f2fb421913386b154e, type: 2}
    m_SubmeshIndex: 0
    m_ManualUV: 0
    elementGroup: 0
    m_TextureGroup: 6
  - m_Indexes: 560000005700000054000000560000005400000055000000
    m_SmoothingGroup: 0
    m_Uv:
      m_UseWorldSpace: 0
      m_FlipU: 0
      m_FlipV: 0
      m_SwapUV: 0
      m_Fill: 1
      m_Scale: {x: 1, y: 1}
      m_Offset: {x: 0, y: 0}
      m_Rotation: 0
      m_Anchor: 9
    m_Material: {fileID: 2100000, guid: c22777d6e868e4f2fb421913386b154e, type: 2}
    m_SubmeshIndex: 0
    m_ManualUV: 0
    elementGroup: 0
    m_TextureGroup: 6
  - m_Indexes: 590000005a0000005b000000590000005b00000058000000
    m_SmoothingGroup: 0
    m_Uv:
      m_UseWorldSpace: 0
      m_FlipU: 0
      m_FlipV: 0
      m_SwapUV: 0
      m_Fill: 1
      m_Scale: {x: 1, y: 1}
      m_Offset: {x: 0, y: 0}
      m_Rotation: 0
      m_Anchor: 9
    m_Material: {fileID: 2100000, guid: c22777d6e868e4f2fb421913386b154e, type: 2}
    m_SubmeshIndex: 0
    m_ManualUV: 0
    elementGroup: 0
    m_TextureGroup: 6
  - m_Indexes: 5d0000005f0000005c0000005d0000005e0000005f000000
    m_SmoothingGroup: 0
    m_Uv:
      m_UseWorldSpace: 0
      m_FlipU: 0
      m_FlipV: 0
      m_SwapUV: 0
      m_Fill: 1
      m_Scale: {x: 1, y: 1}
      m_Offset: {x: 0, y: 0}
      m_Rotation: 0
      m_Anchor: 9
    m_Material: {fileID: 2100000, guid: c22777d6e868e4f2fb421913386b154e, type: 2}
    m_SubmeshIndex: 0
    m_ManualUV: 0
    elementGroup: 0
    m_TextureGroup: 6
  - m_Indexes: 600000006100000062000000610000006300000062000000
    m_SmoothingGroup: 0
    m_Uv:
      m_UseWorldSpace: 0
      m_FlipU: 0
      m_FlipV: 0
      m_SwapUV: 0
      m_Fill: 1
      m_Scale: {x: 1, y: 1}
      m_Offset: {x: 0, y: 0}
      m_Rotation: 0
      m_Anchor: 9
    m_Material: {fileID: 0}
    m_SubmeshIndex: 0
    m_ManualUV: 0
    elementGroup: -1
    m_TextureGroup: -1
  - m_Indexes: 640000006500000066000000650000006700000066000000
    m_SmoothingGroup: 0
    m_Uv:
      m_UseWorldSpace: 0
      m_FlipU: 0
      m_FlipV: 0
      m_SwapUV: 0
      m_Fill: 1
      m_Scale: {x: 1, y: 1}
      m_Offset: {x: 0, y: 0}
      m_Rotation: 0
      m_Anchor: 9
    m_Material: {fileID: 0}
    m_SubmeshIndex: 0
    m_ManualUV: 0
    elementGroup: -1
    m_TextureGroup: -1
  - m_Indexes: 68000000690000006a000000690000006b0000006a000000
    m_SmoothingGroup: 0
    m_Uv:
      m_UseWorldSpace: 0
      m_FlipU: 0
      m_FlipV: 0
      m_SwapUV: 0
      m_Fill: 1
      m_Scale: {x: 1, y: 1}
      m_Offset: {x: 0, y: 0}
      m_Rotation: 0
      m_Anchor: 9
    m_Material: {fileID: 0}
    m_SubmeshIndex: 0
    m_ManualUV: 0
    elementGroup: -1
    m_TextureGroup: -1
  - m_Indexes: 6c0000006d0000006e0000006d0000006f0000006e000000
    m_SmoothingGroup: 0
    m_Uv:
      m_UseWorldSpace: 0
      m_FlipU: 0
      m_FlipV: 0
      m_SwapUV: 0
      m_Fill: 1
      m_Scale: {x: 1, y: 1}
      m_Offset: {x: 0, y: 0}
      m_Rotation: 0
      m_Anchor: 9
    m_Material: {fileID: 0}
    m_SubmeshIndex: 0
    m_ManualUV: 0
    elementGroup: -1
    m_TextureGroup: -1
  - m_Indexes: 700000007100000072000000710000007300000072000000
    m_SmoothingGroup: 0
    m_Uv:
      m_UseWorldSpace: 0
      m_FlipU: 0
      m_FlipV: 0
      m_SwapUV: 0
      m_Fill: 1
      m_Scale: {x: 1, y: 1}
      m_Offset: {x: 0, y: 0}
      m_Rotation: 0
      m_Anchor: 9
    m_Material: {fileID: 0}
    m_SubmeshIndex: 0
    m_ManualUV: 0
    elementGroup: -1
    m_TextureGroup: -1
  - m_Indexes: 740000007500000076000000750000007700000076000000
    m_SmoothingGroup: 0
    m_Uv:
      m_UseWorldSpace: 0
      m_FlipU: 0
      m_FlipV: 0
      m_SwapUV: 0
      m_Fill: 1
      m_Scale: {x: 1, y: 1}
      m_Offset: {x: 0, y: 0}
      m_Rotation: 0
      m_Anchor: 9
    m_Material: {fileID: 0}
    m_SubmeshIndex: 0
    m_ManualUV: 0
    elementGroup: -1
    m_TextureGroup: -1
  m_SharedVertices:
  - m_Vertices: 00000000350000005d000000
  - m_Vertices: 010000005a0000005c0000006c00000075000000
  - m_Vertices: 040000006e00000077000000
  - m_Vertices: 020000000f0000006500000074000000
  - m_Vertices: 070000000b0000006700000076000000
  - m_Vertices: 030000000e0000003600000038000000
  - m_Vertices: 050000006f00000072000000
  - m_Vertices: 10000000590000006d00000070000000
  - m_Vertices: 06000000080000006200000073000000
  - m_Vertices: 130000001e0000006000000071000000
  - m_Vertices: 09000000630000006a000000
  - m_Vertices: 1d000000450000006100000068000000
  - m_Vertices: 0a000000660000006b000000
  - m_Vertices: 0c00000041000000440000006400000069000000
  - m_Vertices: 0d0000003900000040000000
  - m_Vertices: 11000000140000005600000058000000
  - m_Vertices: 12000000170000001b0000001f000000
  - m_Vertices: 150000002000000055000000
  - m_Vertices: 1600000018000000230000002e000000
  - m_Vertices: 190000002d00000049000000
  - m_Vertices: 1a0000001c0000004600000048000000
  - m_Vertices: 21000000240000005100000054000000
  - m_Vertices: 22000000270000002b0000002f000000
  - m_Vertices: 250000003000000050000000
  - m_Vertices: 2600000028000000330000003e000000
  - m_Vertices: 290000003d0000004d000000
  - m_Vertices: 2a0000002c0000004a0000004c000000
  - m_Vertices: 3100000034000000530000005e000000
  - m_Vertices: 32000000370000003b0000003f000000
  - m_Vertices: 3a0000003c000000430000004e000000
  - m_Vertices: 42000000470000004b0000004f000000
  - m_Vertices: 52000000570000005b0000005f000000
  m_SharedTextures: []
  m_Positions:
  - {x: 0.00000047683716, y: 0, z: 8.097601}
  - {x: 5.123354, y: 0, z: 8.097601}
  - {x: 5.123354, y: 1.8641659, z: 8.097601}
  - {x: 0.00000047683716, y: 1.8641659, z: 8.097601}
  - {x: 5.123354, y: 0, z: 12.886492}
  - {x: 10.246707, y: 0, z: 12.886492}
  - {x: 10.246707, y: 1.8641659, z: 12.886492}
  - {x: 5.123354, y: 1.8641659, z: 12.886492}
  - {x: 10.246707, y: 1.8641659, z: 12.886492}
  - {x: 10.246707, y: 3.7283318, z: 12.886492}
  - {x: 5.123354, y: 3.7283318, z: 12.886492}
  - {x: 5.123354, y: 1.8641659, z: 12.886492}
  - {x: 5.123354, y: 3.7283318, z: 8.097601}
  - {x: 0.00000047683716, y: 3.7283318, z: 8.097601}
  - {x: 0.00000047683716, y: 1.8641659, z: 8.097601}
  - {x: 5.123354, y: 1.8641659, z: 8.097601}
  - {x: 10.246707, y: 0, z: 8.097601}
  - {x: 10.246707, y: 0, z: 4.0488005}
  - {x: 10.246707, y: 1.8641659, z: 4.0488005}
  - {x: 10.246707, y: 1.8641659, z: 8.097601}
  - {x: 10.246707, y: 0, z: 4.0488005}
  - {x: 10.246707, y: 0, z: 0}
  - {x: 10.246707, y: 1.8641659, z: 0}
  - {x: 10.246707, y: 1.8641659, z: 4.0488005}
  - {x: 10.246707, y: 1.8641659, z: 0}
  - {x: 10.246707, y: 3.7283318, z: 0}
  - {x: 10.246707, y: 3.7283318, z: 4.0488005}
  - {x: 10.246707, y: 1.8641659, z: 4.0488005}
  - {x: 10.246707, y: 3.7283318, z: 4.0488005}
  - {x: 10.246707, y: 3.7283318, z: 8.097601}
  - {x: 10.246707, y: 1.8641659, z: 8.097601}
  - {x: 10.246707, y: 1.8641659, z: 4.0488005}
  - {x: 10.246707, y: 0, z: 0}
  - {x: 5.123354, y: 0, z: 0}
  - {x: 5.123354, y: 1.8641659, z: 0}
  - {x: 10.246707, y: 1.8641659, z: 0}
  - {x: 5.123354, y: 0, z: 0}
  - {x: 0.00000047683716, y: 0, z: 0}
  - {x: 0.00000047683716, y: 1.8641659, z: 0}
  - {x: 5.123354, y: 1.8641659, z: 0}
  - {x: 0.00000047683716, y: 1.8641659, z: 0}
  - {x: 0.00000047683716, y: 3.7283318, z: 0}
  - {x: 5.123354, y: 3.7283318, z: 0}
  - {x: 5.123354, y: 1.8641659, z: 0}
  - {x: 5.123354, y: 3.7283318, z: 0}
  - {x: 10.246707, y: 3.7283318, z: 0}
  - {x: 10.246707, y: 1.8641659, z: 0}
  - {x: 5.123354, y: 1.8641659, z: 0}
  - {x: 0.00000047683716, y: 0, z: 0}
  - {x: 0.00000047683716, y: 0, z: 4.0488005}
  - {x: 0.00000047683716, y: 1.8641659, z: 4.0488005}
  - {x: 0.00000047683716, y: 1.8641659, z: 0}
  - {x: 0.00000047683716, y: 0, z: 4.0488005}
  - {x: 0.00000047683716, y: 0, z: 8.097601}
  - {x: 0.00000047683716, y: 1.8641659, z: 8.097601}
  - {x: 0.00000047683716, y: 1.8641659, z: 4.0488005}
  - {x: 0.00000047683716, y: 1.8641659, z: 8.097601}
  - {x: 0.00000047683716, y: 3.7283318, z: 8.097601}
  - {x: 0.00000047683716, y: 3.7283318, z: 4.0488005}
  - {x: 0.00000047683716, y: 1.8641659, z: 4.0488005}
  - {x: 0.00000047683716, y: 3.7283318, z: 4.0488005}
  - {x: 0.00000047683716, y: 3.7283318, z: 0}
  - {x: 0.00000047683716, y: 1.8641659, z: 0}
  - {x: 0.00000047683716, y: 1.8641659, z: 4.0488005}
  - {x: 0.00000047683716, y: 3.7283318, z: 8.097601}
  - {x: 5.123354, y: 3.7283318, z: 8.097601}
  - {x: 5.123354, y: 3.7283318, z: 4.0488005}
  - {x: 0.00000047683716, y: 3.7283318, z: 4.0488005}
  - {x: 5.123354, y: 3.7283318, z: 8.097601}
  - {x: 10.246707, y: 3.7283318, z: 8.097601}
  - {x: 10.246707, y: 3.7283318, z: 4.0488005}
  - {x: 5.123354, y: 3.7283318, z: 4.0488005}
  - {x: 10.246707, y: 3.7283318, z: 4.0488005}
  - {x: 10.246707, y: 3.7283318, z: 0}
  - {x: 5.123354, y: 3.7283318, z: 0}
  - {x: 5.123354, y: 3.7283318, z: 4.0488005}
  - {x: 5.123354, y: 3.7283318, z: 0}
  - {x: 0.00000047683716, y: 3.7283318, z: 0}
  - {x: 0.00000047683716, y: 3.7283318, z: 4.0488005}
  - {x: 5.123354, y: 3.7283318, z: 4.0488005}
  - {x: 0.00000047683716, y: 0, z: 0}
  - {x: 5.123354, y: 0, z: 0}
  - {x: 5.123354, y: 0, z: 4.0488005}
  - {x: 0.00000047683716, y: 0, z: 4.0488005}
  - {x: 5.123354, y: 0, z: 0}
  - {x: 10.246707, y: 0, z: 0}
  - {x: 10.246707, y: 0, z: 4.0488005}
  - {x: 5.123354, y: 0, z: 4.0488005}
  - {x: 10.246707, y: 0, z: 4.0488005}
  - {x: 10.246707, y: 0, z: 8.097601}
  - {x: 5.123354, y: 0, z: 8.097601}
  - {x: 5.123354, y: 0, z: 4.0488005}
  - {x: 5.123354, y: 0, z: 8.097601}
  - {x: 0.00000047683716, y: 0, z: 8.097601}
  - {x: 0.00000047683716, y: 0, z: 4.0488005}
  - {x: 5.123354, y: 0, z: 4.0488005}
  - {x: 10.246707, y: 1.8641659, z: 8.097601}
  - {x: 10.246707, y: 3.7283318, z: 8.097601}
  - {x: 10.246707, y: 1.8641659, z: 12.886492}
  - {x: 10.246707, y: 3.7283318, z: 12.886492}
  - {x: 5.123354, y: 3.7283318, z: 8.097601}
  - {x: 5.123354, y: 1.8641659, z: 8.097601}
  - {x: 5.123354, y: 3.7283318, z: 12.886492}
  - {x: 5.123354, y: 1.8641659, z: 12.886492}
  - {x: 10.246707, y: 3.7283318, z: 8.097601}
  - {x: 5.123354, y: 3.7283318, z: 8.097601}
  - {x: 10.246707, y: 3.7283318, z: 12.886492}
  - {x: 5.123354, y: 3.7283318, z: 12.886492}
  - {x: 5.123354, y: 0, z: 8.097601}
  - {x: 10.246707, y: 0, z: 8.097601}
  - {x: 5.123354, y: 0, z: 12.886492}
  - {x: 10.246707, y: 0, z: 12.886492}
  - {x: 10.246707, y: 0, z: 8.097601}
  - {x: 10.246707, y: 1.8641659, z: 8.097601}
  - {x: 10.246707, y: 0, z: 12.886492}
  - {x: 10.246707, y: 1.8641659, z: 12.886492}
  - {x: 5.123354, y: 1.8641659, z: 8.097601}
  - {x: 5.123354, y: 0, z: 8.097601}
  - {x: 5.123354, y: 1.8641659, z: 12.886492}
  - {x: 5.123354, y: 0, z: 12.886492}
  m_Textures0:
  - {x: -0.00000047683716, y: 0}
  - {x: -5.123354, y: 0}
  - {x: -5.123354, y: 1.8641659}
  - {x: -0.00000047683716, y: 1.8641659}
  - {x: -5.123354, y: 0}
  - {x: -10.246707, y: 0}
  - {x: -10.246707, y: 1.8641659}
  - {x: -5.123354, y: 1.8641659}
  - {x: -10.246707, y: 1.8641659}
  - {x: -10.246707, y: 3.7283318}
  - {x: -5.123354, y: 3.7283318}
  - {x: -5.123354, y: 1.8641659}
  - {x: -5.123354, y: 3.7283318}
  - {x: -0.00000047683716, y: 3.7283318}
  - {x: -0.00000047683716, y: 1.8641659}
  - {x: -5.123354, y: 1.8641659}
  - {x: 8.097601, y: 0}
  - {x: 4.0488005, y: 0}
  - {x: 4.0488005, y: 1.8641659}
  - {x: 8.097601, y: 1.8641659}
  - {x: 4.0488005, y: 0}
  - {x: 0, y: 0}
  - {x: 0, y: 1.8641659}
  - {x: 4.0488005, y: 1.8641659}
  - {x: 0, y: 1.8641659}
  - {x: 0, y: 3.7283318}
  - {x: 4.0488005, y: 3.7283318}
  - {x: 4.0488005, y: 1.8641659}
  - {x: 4.0488005, y: 3.7283318}
  - {x: 8.097601, y: 3.7283318}
  - {x: 8.097601, y: 1.8641659}
  - {x: 4.0488005, y: 1.8641659}
  - {x: 10.246707, y: 0}
  - {x: 5.123354, y: 0}
  - {x: 5.123354, y: 1.8641659}
  - {x: 10.246707, y: 1.8641659}
  - {x: 5.123354, y: 0}
  - {x: 0.00000047683716, y: 0}
  - {x: 0.00000047683716, y: 1.8641659}
  - {x: 5.123354, y: 1.8641659}
  - {x: 0.00000047683716, y: 1.8641659}
  - {x: 0.00000047683716, y: 3.7283318}
  - {x: 5.123354, y: 3.7283318}
  - {x: 5.123354, y: 1.8641659}
  - {x: 5.123354, y: 3.7283318}
  - {x: 10.246707, y: 3.7283318}
  - {x: 10.246707, y: 1.8641659}
  - {x: 5.123354, y: 1.8641659}
  - {x: 0, y: 0}
  - {x: -4.0488005, y: 0}
  - {x: -4.0488005, y: 1.8641659}
  - {x: 0, y: 1.8641659}
  - {x: -4.0488005, y: 0}
  - {x: -8.097601, y: 0}
  - {x: -8.097601, y: 1.8641659}
  - {x: -4.0488005, y: 1.8641659}
  - {x: -8.097601, y: 1.8641659}
  - {x: -8.097601, y: 3.7283318}
  - {x: -4.0488005, y: 3.7283318}
  - {x: -4.0488005, y: 1.8641659}
  - {x: -4.0488005, y: 3.7283318}
  - {x: 0, y: 3.7283318}
  - {x: 0, y: 1.8641659}
  - {x: -4.0488005, y: 1.8641659}
  - {x: 0.00000047683716, y: 8.097601}
  - {x: 5.123354, y: 8.097601}
  - {x: 5.123354, y: 4.0488005}
  - {x: 0.00000047683716, y: 4.0488005}
  - {x: 5.123354, y: 8.097601}
  - {x: 10.246707, y: 8.097601}
  - {x: 10.246707, y: 4.0488005}
  - {x: 5.123354, y: 4.0488005}
  - {x: 10.246707, y: 4.0488005}
  - {x: 10.246707, y: 0}
  - {x: 5.123354, y: 0}
  - {x: 5.123354, y: 4.0488005}
  - {x: 5.123354, y: 0}
  - {x: 0.00000047683716, y: 0}
  - {x: 0.00000047683716, y: 4.0488005}
  - {x: 5.123354, y: 4.0488005}
  - {x: -0.00000047683716, y: 0}
  - {x: -5.123354, y: 0}
  - {x: -5.123354, y: 4.0488005}
  - {x: -0.00000047683716, y: 4.0488005}
  - {x: -5.123354, y: 0}
  - {x: -10.246707, y: 0}
  - {x: -10.246707, y: 4.0488005}
  - {x: -5.123354, y: 4.0488005}
  - {x: -10.246707, y: 4.0488005}
  - {x: -10.246707, y: 8.097601}
  - {x: -5.123354, y: 8.097601}
  - {x: -5.123354, y: 4.0488005}
  - {x: -5.123354, y: 8.097601}
  - {x: -0.00000047683716, y: 8.097601}
  - {x: -0.00000047683716, y: 4.0488005}
  - {x: -5.123354, y: 4.0488005}
  - {x: 8.097601, y: 1.8641659}
  - {x: 8.097601, y: 3.7283318}
  - {x: 12.886492, y: 1.8641659}
  - {x: 12.886492, y: 3.7283318}
  - {x: -8.097601, y: 3.7283318}
  - {x: -8.097601, y: 1.8641659}
  - {x: -12.886492, y: 3.7283318}
  - {x: -12.886492, y: 1.8641659}
  - {x: 10.246707, y: 8.097601}
  - {x: 5.123354, y: 8.097601}
  - {x: 10.246707, y: 12.886492}
  - {x: 5.123354, y: 12.886492}
  - {x: -5.123354, y: 8.097601}
  - {x: -10.246707, y: 8.097601}
  - {x: -5.123354, y: 12.886492}
  - {x: -10.246707, y: 12.886492}
  - {x: 8.097601, y: 0}
  - {x: 8.097601, y: 1.8641659}
  - {x: 12.886492, y: 0}
  - {x: 12.886492, y: 1.8641659}
  - {x: -8.097601, y: 1.8641659}
  - {x: -8.097601, y: 0}
  - {x: -12.886492, y: 1.8641659}
  - {x: -12.886492, y: 0}
  m_Textures2: []
  m_Textures3: []
  m_Tangents:
  - {x: -1, y: 0, z: 0, w: -1}
  - {x: -1, y: 0, z: 0, w: -1}
  - {x: -1, y: 0, z: 0, w: -1}
  - {x: -1, y: 0, z: 0, w: -1}
  - {x: -1, y: 0, z: 0, w: -1}
  - {x: -1, y: 0, z: 0, w: -1}
  - {x: -1, y: 0, z: 0, w: -1}
  - {x: -1, y: 0, z: 0, w: -1}
  - {x: -1, y: 0, z: 0, w: -1}
  - {x: -1, y: 0, z: 0, w: -1}
  - {x: -1, y: 0, z: 0, w: -1}
  - {x: -1, y: 0, z: 0, w: -1}
  - {x: -1, y: 0, z: 0, w: -1}
  - {x: -1, y: 0, z: 0, w: -1}
  - {x: -1, y: 0, z: 0, w: -1}
  - {x: -1, y: 0, z: 0, w: -1}
  - {x: 0, y: 0, z: 1, w: -1}
  - {x: 0, y: 0, z: 1, w: -1}
  - {x: 0, y: 0, z: 1, w: -1}
  - {x: 0, y: 0, z: 1, w: -1}
  - {x: 0, y: 0, z: 1, w: -1}
  - {x: 0, y: 0, z: 1, w: -1}
  - {x: 0, y: 0, z: 1, w: -1}
  - {x: 0, y: 0, z: 1, w: -1}
  - {x: 0, y: 0, z: 1, w: -1}
  - {x: 0, y: 0, z: 1, w: -1}
  - {x: 0, y: 0, z: 1, w: -1}
  - {x: 0, y: 0, z: 1, w: -1}
  - {x: 0, y: 0, z: 1, w: -1}
  - {x: 0, y: 0, z: 1, w: -1}
  - {x: 0, y: 0, z: 1, w: -1}
  - {x: 0, y: 0, z: 1, w: -1}
  - {x: 1, y: 0, z: 0, w: -1}
  - {x: 1, y: 0, z: 0, w: -1}
  - {x: 1, y: 0, z: 0, w: -1}
  - {x: 1, y: 0, z: 0, w: -1}
  - {x: 1, y: 0, z: 0, w: -1}
  - {x: 1, y: 0, z: 0, w: -1}
  - {x: 1, y: 0, z: 0, w: -1}
  - {x: 1, y: 0, z: 0, w: -1}
  - {x: 1, y: 0, z: 0, w: -1}
  - {x: 1, y: 0, z: 0, w: -1}
  - {x: 1, y: 0, z: 0, w: -1}
  - {x: 1, y: 0, z: 0, w: -1}
  - {x: 1, y: 0, z: 0, w: -1}
  - {x: 1, y: 0, z: 0, w: -1}
  - {x: 1, y: 0, z: 0, w: -1}
  - {x: 1, y: 0, z: 0, w: -1}
  - {x: 0, y: 0, z: -1, w: -1}
  - {x: 0, y: 0, z: -1, w: -1}
  - {x: 0, y: 0, z: -1, w: -1}
  - {x: 0, y: 0, z: -1, w: -1}
  - {x: 0, y: 0, z: -1, w: -1}
  - {x: 0, y: 0, z: -1, w: -1}
  - {x: 0, y: 0, z: -1, w: -1}
  - {x: 0, y: 0, z: -1, w: -1}
  - {x: 0, y: 0, z: -1, w: -1}
  - {x: 0, y: 0, z: -1, w: -1}
  - {x: 0, y: 0, z: -1, w: -1}
  - {x: 0, y: 0, z: -1, w: -1}
  - {x: 0, y: 0, z: -1, w: -1}
  - {x: 0, y: 0, z: -1, w: -1}
  - {x: 0, y: 0, z: -1, w: -1}
  - {x: 0, y: 0, z: -1, w: -1}
  - {x: 1, y: 0, z: 0, w: -1}
  - {x: 1, y: 0, z: 0, w: -1}
  - {x: 1, y: 0, z: 0, w: -1}
  - {x: 1, y: 0, z: 0, w: -1}
  - {x: 1, y: 0, z: 0, w: -1}
  - {x: 1, y: 0, z: 0, w: -1}
  - {x: 1, y: 0, z: 0, w: -1}
  - {x: 1, y: 0, z: 0, w: -1}
  - {x: 1, y: 0, z: 0, w: -1}
  - {x: 1, y: 0, z: 0, w: -1}
  - {x: 1, y: 0, z: 0, w: -1}
  - {x: 1, y: 0, z: 0, w: -1}
  - {x: 1, y: 0, z: 0, w: -1}
  - {x: 1, y: 0, z: 0, w: -1}
  - {x: 1, y: 0, z: 0, w: -1}
  - {x: 1, y: 0, z: 0, w: -1}
  - {x: -1, y: 0, z: 0, w: -1}
  - {x: -1, y: 0, z: 0, w: -1}
  - {x: -1, y: 0, z: 0, w: -1}
  - {x: -1, y: 0, z: 0, w: -1}
  - {x: -1, y: 0, z: 0, w: -1}
  - {x: -1, y: 0, z: 0, w: -1}
  - {x: -1, y: 0, z: 0, w: -1}
  - {x: -1, y: 0, z: 0, w: -1}
  - {x: -1, y: 0, z: 0, w: -1}
  - {x: -1, y: 0, z: 0, w: -1}
  - {x: -1, y: 0, z: 0, w: -1}
  - {x: -1, y: 0, z: 0, w: -1}
  - {x: -1, y: 0, z: 0, w: -1}
  - {x: -1, y: 0, z: 0, w: -1}
  - {x: -1, y: 0, z: 0, w: -1}
  - {x: -1, y: 0, z: 0, w: -1}
  - {x: 0, y: 0, z: 1, w: -1}
  - {x: 0, y: 0, z: 1, w: -1}
  - {x: 0, y: 0, z: 1, w: -1}
  - {x: 0, y: 0, z: 1, w: -1}
  - {x: 0, y: 0, z: -1, w: -1}
  - {x: 0, y: 0, z: -1, w: -1}
  - {x: 0, y: 0, z: -1, w: -1}
  - {x: 0, y: 0, z: -1, w: -1}
  - {x: 1, y: 0, z: 0, w: -1}
  - {x: 1, y: 0, z: 0, w: -1}
  - {x: 1, y: 0, z: 0, w: -1}
  - {x: 1, y: 0, z: 0, w: -1}
  - {x: -1, y: 0, z: 0, w: -1}
  - {x: -1, y: 0, z: 0, w: -1}
  - {x: -1, y: 0, z: 0, w: -1}
  - {x: -1, y: 0, z: 0, w: -1}
  - {x: 0, y: 0, z: 1, w: -1}
  - {x: 0, y: 0, z: 1, w: -1}
  - {x: 0, y: 0, z: 1, w: -1}
  - {x: 0, y: 0, z: 1, w: -1}
  - {x: 0, y: 0, z: -1, w: -1}
  - {x: 0, y: 0, z: -1, w: -1}
  - {x: 0, y: 0, z: -1, w: -1}
  - {x: 0, y: 0, z: -1, w: -1}
  m_Colors: []
  m_UnwrapParameters:
    m_HardAngle: 88
    m_PackMargin: 20
    m_AngleError: 8
    m_AreaError: 15
  m_PreserveMeshAssetOnDestroy: 0
  assetGuid: 
  m_Mesh: {fileID: 0}
  m_VersionIndex: 5132
  m_IsSelectable: 1
  m_SelectedFaces: 
  m_SelectedEdges: []
  m_SelectedVertices: 
--- !u!114 &8749340303928196466
MonoBehaviour:
  m_ObjectHideFlags: 0
  m_CorrespondingSourceObject: {fileID: 0}
  m_PrefabInstance: {fileID: 0}
  m_PrefabAsset: {fileID: 0}
  m_GameObject: {fileID: 8749340303928196478}
  m_Enabled: 1
  m_EditorHideFlags: 0
  m_Script: {fileID: 11500000, guid: 1ca002da428252441b92f28d83c8a65f, type: 3}
  m_Name: 
  m_EditorClassIdentifier: 
  m_Shape:
    id: 0
  m_Size: {x: 14.811677, y: 3.7283318, z: 8.097601}
  m_Rotation: {x: 0, y: 0, z: 0, w: 1}
  m_PivotLocation: 1
  m_PivotPosition: {x: 0, y: 0, z: 0}
  m_UnmodifiedMeshVersion: 4769
  m_ShapeBox:
    m_Center: {x: 7.405839, y: 1.8641659, z: 4.0488005}
    m_Extent: {x: 7.405839, y: 1.8641659, z: 4.0488005}
  references:
    version: 1
    00000000:
      type: {class: Cube, ns: UnityEngine.ProBuilder.Shapes, asm: Unity.ProBuilder}
--- !u!23 &8749340303928196477
MeshRenderer:
  m_ObjectHideFlags: 0
  m_CorrespondingSourceObject: {fileID: 0}
  m_PrefabInstance: {fileID: 0}
  m_PrefabAsset: {fileID: 0}
  m_GameObject: {fileID: 8749340303928196478}
  m_Enabled: 0
  m_CastShadows: 1
  m_ReceiveShadows: 1
  m_DynamicOccludee: 1
  m_MotionVectors: 1
  m_LightProbeUsage: 1
  m_ReflectionProbeUsage: 1
  m_RayTracingMode: 2
  m_RayTraceProcedural: 0
  m_RenderingLayerMask: 1
  m_RendererPriority: 0
  m_Materials:
  - {fileID: 2100000, guid: c22777d6e868e4f2fb421913386b154e, type: 2}
  m_StaticBatchInfo:
    firstSubMesh: 0
    subMeshCount: 0
  m_StaticBatchRoot: {fileID: 0}
  m_ProbeAnchor: {fileID: 0}
  m_LightProbeVolumeOverride: {fileID: 0}
  m_ScaleInLightmap: 1
  m_ReceiveGI: 1
  m_PreserveUVs: 0
  m_IgnoreNormalsForChartDetection: 0
  m_ImportantGI: 0
  m_StitchLightmapSeams: 1
  m_SelectedEditorRenderState: 3
  m_MinimumChartSize: 4
  m_AutoUVMaxDistance: 0.5
  m_AutoUVMaxAngle: 89
  m_LightmapParameters: {fileID: 0}
  m_SortingLayerID: 0
  m_SortingLayer: 0
  m_SortingOrder: 0
  m_AdditionalVertexStreams: {fileID: 0}
--- !u!33 &8749340303928196476
MeshFilter:
  m_ObjectHideFlags: 0
  m_CorrespondingSourceObject: {fileID: 0}
  m_PrefabInstance: {fileID: 0}
  m_PrefabAsset: {fileID: 0}
  m_GameObject: {fileID: 8749340303928196478}
  m_Mesh: {fileID: 0}
--- !u!64 &8749340303928196479
MeshCollider:
  m_ObjectHideFlags: 0
  m_CorrespondingSourceObject: {fileID: 0}
  m_PrefabInstance: {fileID: 0}
  m_PrefabAsset: {fileID: 0}
  m_GameObject: {fileID: 8749340303928196478}
  m_Material: {fileID: 0}
  m_IsTrigger: 1
  m_Enabled: 1
  serializedVersion: 4
  m_Convex: 1
  m_CookingOptions: 30
  m_Mesh: {fileID: 0}
--- !u!114 &8749340303928196470
MonoBehaviour:
  m_ObjectHideFlags: 0
  m_CorrespondingSourceObject: {fileID: 0}
  m_PrefabInstance: {fileID: 0}
  m_PrefabAsset: {fileID: 0}
  m_GameObject: {fileID: 8749340303928196478}
  m_Enabled: 1
  m_EditorHideFlags: 0
  m_Script: {fileID: 11500000, guid: 1de0bb59ed6038e43b452469b3477379, type: 3}
  m_Name: 
  m_EditorClassIdentifier: 
  outdoorClip: {fileID: 8300000, guid: 03d73fcc7bce1a445a7b72e03bef1d55, type: 3}
  indoorClip: {fileID: 8300000, guid: da6eae8cb93e6384d829933ab2f85349, type: 3}
  AudioClip1Volume: 0.8
  AudioClip2Volume: 1
  fade: 3
